<record><leader>00000cas a22000007a 4500</leader><controlfield tag="001">15051698</controlfield><controlfield tag="008">870109d18uu1962aluwr ne      0    0eng d</controlfield><datafield ind1=" " ind2=" " tag="010"><subfield code="a">sn 87050009 </subfield></datafield><datafield ind1=" " ind2=" " tag="040"><subfield code="a">AAR</subfield><subfield code="b">eng</subfield><subfield code="c">AAR</subfield><subfield code="d">CPN</subfield><subfield code="d">OCLCQ</subfield></datafield><datafield ind1=" " ind2=" " tag="042"><subfield code="a">msc</subfield></datafield><datafield ind1="0" ind2=" " tag="130"><subfield code="a">Progressive age (Scottsboro, Ala.)</subfield></datafield><datafield ind1="1" ind2="4" tag="245"><subfield code="a">The Progressive age.</subfield></datafield><datafield ind1="3" ind2="0" tag="246"><subfield code="a">Progressive age and the Scottsboro citizen</subfield></datafield><datafield ind1="3" ind2="0" tag="246"><subfield code="a">Progressive age (consolidated with the Scottsboro citizen)</subfield></datafield><datafield ind1="3" ind2="0" tag="246"><subfield code="a">Progressive age and the Jackson county farmer</subfield></datafield><datafield ind1=" " ind2=" " tag="260"><subfield code="a">Scottsboro, Ala. :</subfield><subfield code="b">W.T. Boyle</subfield></datafield><datafield ind1=" " ind2=" " tag="300"><subfield code="a">v.</subfield></datafield><datafield ind1=" " ind2=" " tag="310"><subfield code="a">Weekly</subfield></datafield><datafield ind1="0" ind2=" " tag="362"><subfield code="a">-73rd year (Feb. 22, 1962).</subfield></datafield><datafield ind1=" " ind2=" " tag="500"><subfield code="a">Published as: Progressive age and the Scottsboro citizen, May 11-Aug. 10, 1911.</subfield></datafield><datafield ind1=" " ind2=" " tag="500"><subfield code="a">Published as: Progressive age and the Jackson County farmer, &lt;May 13-Dec. 30, 1909; Dec. 10, 1959-Feb. 22, 1962.</subfield></datafield><datafield ind1=" " ind2=" " tag="500"><subfield code="a">Published as: Progressive age (consolidated with the Scottsboro citizen), Aug. 23, 1918-Jan. 3, 1919; June 26, 1919-&lt;Oct. 12, 1922&gt;.</subfield></datafield><datafield ind1=" " ind2=" " tag="515"><subfield code="a">Numbering changed from a volume designation to a year of publication and an issue number, &lt;1909-1918&gt;.</subfield></datafield><datafield ind1=" " ind2=" " tag="515"><subfield code="a">No volume or issue designation, &lt;1918-1934&gt;.</subfield></datafield><datafield ind1=" " ind2=" " tag="515"><subfield code="a">Numbering changed to year of publication with no issue designation, &lt;1935-1962&gt;.</subfield></datafield><datafield ind1=" " ind2=" " tag="580"><subfield code="a">Consolidated with: Jackson union news, May 13, 1909.</subfield></datafield><datafield ind1=" " ind2=" " tag="580"><subfield code="a">Consolidated with: Scottsboro citizen, &lt;1918&gt;.</subfield></datafield><datafield ind1=" " ind2=" " tag="588"><subfield code="a">Description based on: Vol. 1, no. 49 (Dec. 2, 1887).</subfield></datafield><datafield ind1=" " ind2=" " tag="752"><subfield code="a">United States</subfield><subfield code="b">Alabama</subfield><subfield code="c">Jackson</subfield><subfield code="d">Scottsboro.</subfield></datafield><datafield ind1="1" ind2="5" tag="780"><subfield code="t">Jackson union news</subfield><subfield code="w">(DLC)sn 87050008</subfield></datafield><datafield ind1="1" ind2="5" tag="780"><subfield code="t">Scottsboro citizen</subfield><subfield code="w">(DLC)sn 85044654</subfield></datafield><datafield ind1="0" ind2="7" tag="785"><subfield code="t">Jackson county sentinel</subfield><subfield code="w">(DLC)sn 87050010</subfield></datafield><datafield ind1="0" ind2="7" tag="785"><subfield code="t">Sentinel-age</subfield><subfield code="w">(DLC)sn 87050011</subfield></datafield><datafield ind1="1" ind2=" " tag="029"><subfield code="a">AU@</subfield><subfield code="b">000025820397</subfield></datafield></record>